@online{lol,
  author = "Guennadi Maximov",
  title = "DrKJeff16 | Repositorios",
  url = "https://github.com/DrKJeff16",
  addendum = "(Accedido: 23/01/2022)",
  keywords = "geometria,matematicas"
}
